<?xml version="1.0" encoding="UTF-8"?><record xmlns="http://www.loc.gov/MARC21/slim" xmlns:cinclude="http://apache.org/cocoon/include/1.0" xmlns:zs="http://www.loc.gov/zing/srw/">
  <leader>01745cz  a2200373n  4500</leader>
  <controlfield tag="001">nr 95001883 </controlfield>
  <controlfield tag="003">DLC</controlfield>
  <controlfield tag="005">20161011051022.0</controlfield>
  <controlfield tag="008">950118n| azannaabn          |b aaa     c</controlfield>
  <datafield tag="010" ind1=" " ind2=" ">
    <subfield code="a">nr 95001883 </subfield>
  </datafield>
  <datafield tag="035" ind1=" " ind2=" ">
    <subfield code="a">(OCoLC)oca03757832</subfield>
  </datafield>
  <datafield tag="035" ind1=" " ind2=" ">
    <subfield code="a">(Uk)005509111</subfield>
  </datafield>
  <datafield tag="040" ind1=" " ind2=" ">
    <subfield code="a">NNC</subfield>
    <subfield code="b">eng</subfield>
    <subfield code="e">rda</subfield>
    <subfield code="c">NNC</subfield>
    <subfield code="d">OCoLC</subfield>
    <subfield code="d">InU</subfield>
    <subfield code="d">Uk</subfield>
  </datafield>
  <datafield tag="046" ind1=" " ind2=" ">
    <subfield code="f">1955</subfield>
    <subfield code="2">edtf</subfield>
  </datafield>
  <datafield tag="100" ind1="1" ind2=" ">
    <subfield code="a">Kerim, Ismail Asan-ogʺlu</subfield>
  </datafield>
  <datafield tag="370" ind1=" " ind2=" ">
    <subfield code="a">Uzbekistan</subfield>
    <subfield code="c">Tashkent (Uzbekistan)</subfield>
    <subfield code="c">Crimea (Ukraine)</subfield>
    <subfield code="2">naf</subfield>
  </datafield>
  <datafield tag="372" ind1=" " ind2=" ">
    <subfield code="a">College teaching</subfield>
    <subfield code="a">Philology</subfield>
    <subfield code="a">Crimean Tatar language</subfield>
    <subfield code="2">lcsh</subfield>
  </datafield>
  <datafield tag="373" ind1=" " ind2=" ">
    <subfield code="a">Krymskyĭ derz︠h︡avnyĭ inz︠h︡enerno-pedahohichnyĭ universytet</subfield>
    <subfield code="2">naf</subfield>
  </datafield>
  <datafield tag="374" ind1=" " ind2=" ">
    <subfield code="a">College teachers</subfield>
    <subfield code="2">lcsh</subfield>
  </datafield>
  <datafield tag="375" ind1=" " ind2=" ">
    <subfield code="a">Males</subfield>
    <subfield code="2">lcsh</subfield>
  </datafield>
  <datafield tag="377" ind1=" " ind2=" ">
    <subfield code="a">crh</subfield>
    <subfield code="a">rus</subfield>
  </datafield>
  <datafield tag="378" ind1=" " ind2=" ">
    <subfield code="q">Ismail Asanovich</subfield>
  </datafield>
  <datafield tag="400" ind1="1" ind2=" ">
    <subfield code="a">Керим, Исмаил Асан-огълу</subfield>
  </datafield>
  <datafield tag="400" ind1="1" ind2=" ">
    <subfield code="a">Керим, И.</subfield>
    <subfield code="q">(Исмаил)</subfield>
  </datafield>
  <datafield tag="400" ind1="1" ind2=" ">
    <subfield code="a">Kerim, I.</subfield>
    <subfield code="q">(Ismail)</subfield>
  </datafield>
  <datafield tag="400" ind1="1" ind2=" ">
    <subfield code="a">Керимов, Исмаил</subfield>
  </datafield>
  <datafield tag="400" ind1="1" ind2=" ">
    <subfield code="a">Kerimov, Ismail</subfield>
  </datafield>
  <datafield tag="400" ind1="1" ind2=" ">
    <subfield code="a">Kerimov, I. A.</subfield>
    <subfield code="q">(Ismail Asanovich)</subfield>
  </datafield>
  <datafield tag="400" ind1="1" ind2=" ">
    <subfield code="a">Kerimov, Ismail Asanovich</subfield>
  </datafield>
  <datafield tag="667" ind1=" " ind2=" ">
    <subfield code="a">Non-Latin script references not evaluated.</subfield>
  </datafield>
  <datafield tag="670" ind1=" " ind2=" ">
    <subfield code="a">Biliografik sechmeler, 1994:</subfield>
    <subfield code="b">t.p. (Ismail Asan-ogʺlu Kerim) Russian CIP (I. Kerim)</subfield>
  </datafield>
  <datafield tag="670" ind1=" " ind2=" ">
    <subfield code="a">Terenlik, 1988:</subfield>
    <subfield code="b">t.p. (Ismail Kerimov) Russian colophon (Ismail Asanovich Kerimov)</subfield>
  </datafield>
  <datafield tag="670" ind1=" " ind2=" ">
    <subfield code="a">Voprosy krymskotatarskoĭ filologii, istorii i kulʹtury, 2015-:</subfield>
    <subfield code="b">p.2 (editor Kerimov I.A., philology college teacher at Crimea State engineering and pedagogical university) p.8 (author of Crimean Tatar article)</subfield>
  </datafield>
  <datafield tag="670" ind1=" " ind2=" ">
    <subfield code="a">Crimea State engineering and pedagogical university website, viewed 10th October 2016</subfield>
    <subfield code="b">(Kerimov Ismail Asanovich ; was born in 1955 in Uzbekistan, studied in Tashkent, lives in Crimea from 1993)</subfield>
  </datafield>
</record>